@inproceedings{Chi:2012:MAG:2380116.2380130,
 author = {Chi, Pei-Yu and Ahn, Sally and Ren, Amanda and Dontcheva, Mira and Li, Wilmot and Hartmann, Bj\"{o}rn},
 title = {MixT: Automatic Generation of Step-by-step Mixed Media Tutorials},
 booktitle = {Proceedings of the 25th Annual ACM Symposium on User Interface Software and Technology},
 series = {UIST '12},
 year = {2012},
 isbn = {978-1-4503-1580-7},
 location = {Cambridge, Massachusetts, USA},
 pages = {93--102},
 numpages = {10},
 url = {http://doi.acm.org/10.1145/2380116.2380130},
 doi = {10.1145/2380116.2380130},
 acmid = {2380130},
 publisher = {ACM},
 address = {New York, NY, USA},
 keywords = {instructions, software tutorials, video},
}

@inproceedings{Chi:2014:DRS:2556288.2557254,
 author = {Chi, Pei-Yu and Lee, Bongshin and Drucker, Steven M.},
 title = {DemoWiz: Re-performing Software Demonstrations for a Live Presentation},
 booktitle = {Proceedings of the SIGCHI Conference on Human Factors in Computing Systems},
 series = {CHI '14},
 year = {2014},
 isbn = {978-1-4503-2473-1},
 location = {Toronto, Ontario, Canada},
 pages = {1581--1590},
 numpages = {10},
 url = {http://doi.acm.org/10.1145/2556288.2557254},
 doi = {10.1145/2556288.2557254},
 acmid = {2557254},
 publisher = {ACM},
 address = {New York, NY, USA},
 keywords = {demo, demonstration, presentation, software demo, video},
}

@inproceedings{Chi:2013:DGC:2501988.2502052,
 author = {Chi, Pei-Yu and Liu, Joyce and Linder, Jason and Dontcheva, Mira and Li, Wilmot and Hartmann, Bjoern},
 title = {DemoCut: Generating Concise Instructional Videos for Physical Demonstrations},
 booktitle = {Proceedings of the 26th Annual ACM Symposium on User Interface Software and Technology},
 series = {UIST '13},
 year = {2013},
 isbn = {978-1-4503-2268-3},
 location = {St. Andrews, Scotland, United Kingdom},
 pages = {141--150},
 numpages = {10},
 url = {http://doi.acm.org/10.1145/2501988.2502052},
 doi = {10.1145/2501988.2502052},
 acmid = {2502052},
 publisher = {ACM},
 address = {New York, NY, USA},
 keywords = {demonstrations, how-to, instructions, tutorials, video},
}


@inproceedings{Cheng:2013:BCC:2468356.2468568,
 author = {Cheng, Derrick and Chi, Pei-Yu and Kwak, Taeil and Hartmann, Bj\"{o}rn and Wright, Paul},
 title = {Body-tracking Camera Control for Demonstration Videos},
 booktitle = {CHI '13 Extended Abstracts on Human Factors in Computing Systems},
 series = {CHI EA '13},
 year = {2013},
 isbn = {978-1-4503-1952-2},
 location = {Paris, France},
 pages = {1185--1190},
 numpages = {6},
 url = {http://doi.acm.org/10.1145/2468356.2468568},
 doi = {10.1145/2468356.2468568},
 acmid = {2468568},
 publisher = {ACM},
 address = {New York, NY, USA},
 keywords = {camera, capturing tools, diy, how-to, kinect, motion tracking, videos},
}
