@inproceedings{Hamada:2005:CNA:1101149.1101228,
 author = {Hamada, Reiko and Okabe, Jun and Ide, Ichiro and Satoh, Shin'ichi and Sakai, Shuichi and Tanaka, Hidehiko},
 title = {Cooking Navi: Assistant for Daily Cooking in Kitchen},
 booktitle = {Proceedings of the 13th Annual ACM International Conference on Multimedia},
 series = {MULTIMEDIA '05},
 year = {2005},
 isbn = {1-59593-044-2},
 location = {Hilton, Singapore},
 pages = {371--374},
 numpages = {4},
 url = {http://doi.acm.org/10.1145/1101149.1101228},
 doi = {10.1145/1101149.1101228},
 acmid = {1101228},
 publisher = {ACM},
 address = {New York, NY, USA},
 keywords = {assistance to human activities, cooking},
}

@article{ryle1945knowhow,
 ISSN = {00667374, 14679264},
 URL = {http://www.jstor.org/stable/4544405},
 author = {Gilbert Ryle},
 journal = {Proceedings of the Aristotelian Society},
 pages = {1-16},
 publisher = {The Aristotelian Society},
 title = {Knowing How and Knowing That: The Presidential Address},
 volume = {46},
 year = {1945}
}
@article{10.2307/4544405,
 ISSN = {00667374, 14679264},
 URL = {http://www.jstor.org/stable/4544405},
 author = {Gilbert Ryle},
 journal = {Proceedings of the Aristotelian Society},
 pages = {1-16},
 publisher = {The Aristotelian Society},
 title = {Knowing How and Knowing That: The Presidential Address},
 volume = {46},
 year = {1945}
}

@inproceedings{Banovic:2012kd,
author = {Banovic, Nikola and Grossman, Tovi and Matejka, Justin and Fitzmaurice, George},
title = {{Waken: reverse engineering usage information and interface structure from software videos}},
booktitle = {UIST '12},
year = {2012},
pages = {83},
publisher = {ACM Press}
}

@inproceedings{Chang:2011vd,
author = {Chang, Tsung-Hsiang and Li, Yang},
title = {{Deep shot: a framework for migrating tasks across devices using mobile phone cameras}},
booktitle = {CHI '11},
publisher = {ACM Press},
year = {2011}
}

@article{Denning:2011fy,
author = {Denning, Jonathan D and Kerr, William B and Pellacini, Fabio},
title = {{MeshFlow: Interactive Visualization of Mesh Construction Sequences}},
journal = {SIGGRAPH '11},
year = {2011},
month = aug
}

@inproceedings{Dixon:2010fb,
author = {Dixon, Morgan and Fogarty, James},
title = {{Prefab: implementing advanced behaviors using pixel-based reverse engineering of interface structure}},
booktitle = {CHI '10},
year = {2010},
publisher = {ACM Press},
month = apr
}

@article{Fussell:2003te,
author = {Fussell, S R and Setlock, L D and Kraut, R E},
title = {{Effects of head-mounted and scene-oriented video systems on remote collaboration on physical tasks}},
journal = {CHI 2003},
year = {2003}
}

@article{Grabler:2009jj,
author = {Grabler, Floraine and Agrawala, Maneesh and Li, Wilmot and Dontcheva, Mira and Igarashi, Takeo},
title = {{Generating photo manipulation tutorials by demonstration}},
journal = {SIGGRAPH '09},
year = {2009},
month = jul
}

@inproceedings{Grossman:2010jz,
author = {Grossman, Tovi and Matejka, Justin and Fitzmaurice, George},
title = {{Chronicle: capture, exploration, and playback of document workflow histories}},
booktitle = {UIST 2010},
year = {2010},
publisher = {ACM Press},
month = oct
}

@article{Grossman:2010wr,
author = {Grossman, Tovi and Fitzmaurice, George},
title = {{ToolClips: an investigation of contextual video assistance for functionality understanding}},
journal = {CHI '10},
publisher = {ACM Press},
year = {2010},
month = apr
}

@inproceedings{Grossman:2009:SSL:1518701.1518803,
 author = {Grossman, Tovi and Fitzmaurice, George and Attar, Ramtin},
 title = {A Survey of Software Learnability: Metrics, Methodologies and Guidelines},
 booktitle = {Proceedings of the SIGCHI Conference on Human Factors in Computing Systems},
 series = {CHI '09},
 year = {2009},
 isbn = {978-1-60558-246-7},
 location = {Boston, MA, USA},
 pages = {649--658},
 numpages = {10},
 url = {http://doi.acm.org/10.1145/1518701.1518803},
 doi = {10.1145/1518701.1518803},
 acmid = {1518803},
 publisher = {ACM},
 address = {New York, NY, USA},
 keywords = {evaluation, learnability, learning, question-suggestion, software, think-aloud, usability},
}


@inproceedings{Gupta:2012ku,
author = {Gupta, Ankit and Fox, Dieter and Curless, Brian and Cohen, Michael},
title = {{DuploTrack: a real-time system for authoring and guiding duplo block assembly}},
booktitle = {UIST '11},
year = {2012},
pages = {389--402},
publisher = {ACM Press}
}

@inproceedings{Gurevich:2012ko,
author = {Gurevich, Pavel and Lanir, Joel and Cohen, Benjamin and Stone, Ran},
title = {{TeleAdvisor: a versatile augmented reality tool for remote assistance}},
booktitle = {CHI '12},
year = {2012},
publisher = {ACM Press}
}

@article{Henderson:2011ff,
author = {Henderson, Steven and Feiner, Steven},
title = {{Exploring the benefits of augmented reality documentation for maintenance and repair}},
journal = {IEEE Trans on Visualization and Computer Graphics},
year = {2011},
volume = {17},
number = {10},
pages = {1355--1368}
}

@inproceedings{Lafreniere:2013ff,
author = {Lafreniere, Benjamin and Grossman, Tovi and Fitzmaurice, George},
title = {{Community enhanced tutorials: improving tutorials with multiple demonstrations}},
booktitle = {CHI 2013},
year = {2013},
pages = {1779},
publisher = {ACM Press}
}

@inproceedings{Yeh:2009dh,
author = {Yeh, Tom and Chang, Tsung-Hsiang and Miller, Robert C},
title = {{Sikuli: using GUI screenshots for search and automation}},
booktitle = {UIST '09},
year = {2009},
pages = {183--192},
publisher = {ACM Press}
}

@inproceedings{Klemmer:2006:BMF:1142405.1142429,
 author = {Klemmer, Scott R. and Hartmann, Bj\"{o}rn and Takayama, Leila},
 title = {How Bodies Matter: Five Themes for Interaction Design},
 booktitle = {Proceedings of the 6th Conference on Designing Interactive Systems},
 series = {DIS '06},
 year = {2006},
 isbn = {1-59593-367-0},
 location = {University Park, PA, USA},
 pages = {140--149},
 numpages = {10},
 url = {http://doi.acm.org/10.1145/1142405.1142429},
 doi = {10.1145/1142405.1142429},
 acmid = {1142429},
 publisher = {ACM},
 address = {New York, NY, USA},
 keywords = {bodies, embodied interaction, embodiment, interaction design, phenomenology, ubiquitous computing},
}

@book{polanyi1958personal,
  title={Personal Knowledge: Towards a Post-critical Philosophy},
  author={Polanyi, M.},
  number={p. 762; p. 1958},
  lccn={58005162},
  series={Gifford lectures},
  url={https://books.google.com/books?id=JUJinQEACAAJ},
  year={1958},
  publisher={University of Chicago Press}
}

@INPROCEEDINGS{6926398,
  author={Seng Lee Koh and Pfeil, K. and LaViola, J.J.},
  booktitle={Robot and Human Interactive Communication, 2014 RO-MAN: The 23rd IEEE International Symposium on},
  title={Enhancing the robot avateering metaphor discreetly with an assistive agent and its effect on perception},
  year={2014},
  pages={1095-1102},
  keywords={avatars;control engineering computing;human-robot interaction;humanoid robots;motion control;sensors;telerobotics;Darwin-OP robot;Kinect/NUI motion sensor;Webots robot simulator;assistive agents;human-side control imprecision;humanoid robot;robot avateering metaphor;slave robot;teleoperating strategy;teleoperation;user perception;wearable device encumberment;Accuracy;Force;Grasping;Manipulators;Robot sensing systems;Vectors},
  doi={10.1109/ROMAN.2014.6926398},
  month={Aug}
}

