@online{MicrosoftHoloLensSkype,
  author = {Microsoft},
  title = {Microsoft HoloLens | Skype},
  year = 2016,
  url = {https://www.microsoft.com/microsoft-hololens/en-us/apps/skype},
  urldate = {2016-07-10}
}

@inproceedings{taylor-siggraph2016,
  author = {Jonathan Taylor and Lucas Bordeaux and Thomas Cashman and Bob Corish and Cem Keskin and Eduardo Soto and David Sweeney and Julien Valentin and Benjamin Luff and Arran Topalian and Erroll Wood and Sameh Khamis and Pushmeet Kohli and Toby Sharp and Shahram Izadi and Richard Banks and Andrew Fitzgibbon and Jamie Shotton},
  title = {Efficient and Precise Interactive Hand Tracking through Joint, Continuous Optimization of Pose and Correspondences},
  booktitle = {ACM SIGGRAPH Conference on Computer Graphics and Interactive Techniques},
  year = {2016}
}

@inproceedings{dou-siggraph2016,
  author = {Mingsong Dou and Sameh Khamis and Yury Degtyarev and Philip Davidson and Sean Fanello and Adarsh Kowdle and Sergio Orts Escolano and Christoph Rhemann and David Kim and Jonathan Taylor and Pushmeet Kohli and Vladimir Tankovich and Shahram Izadi},
  title = {Fusion4D: Real-time Performance Capture of Challenging Scenes},
  booktitle = {ACM SIGGRAPH Conference on Computer Graphics and Interactive Techniques},
  year = {2016}
}
