@inproceedings{Furnas:1986:GFV:22627.22342,
 author = {Furnas, G. W.},
 title = {Generalized Fisheye Views},
 booktitle = {Proceedings of the SIGCHI Conference on Human Factors in Computing Systems},
 series = {CHI '86},
 year = {1986},
 isbn = {0-89791-180-6},
 location = {Boston, Massachusetts, USA},
 pages = {16--23},
 numpages = {8},
 url = {http://doi.acm.org/10.1145/22627.22342},
 doi = {10.1145/22627.22342},
 acmid = {22342},
 publisher = {ACM},
 address = {New York, NY, USA},
}

@inproceedings{Ramesh:2011:STU:2047196.2047212,
 author = {Ramesh, Vidya and Hsu, Charlie and Agrawala, Maneesh and Hartmann, Bj\"{o}rn},
 title = {ShowMeHow: Translating User Interface Instructions Between Applications},
 booktitle = {Proceedings of the 24th Annual ACM Symposium on User Interface Software and Technology},
 series = {UIST '11},
 year = {2011},
 isbn = {978-1-4503-0716-1},
 location = {Santa Barbara, California, USA},
 pages = {127--134},
 numpages = {8},
 url = {http://doi.acm.org/10.1145/2047196.2047212},
 doi = {10.1145/2047196.2047212},
 acmid = {2047212},
 publisher = {ACM},
 address = {New York, NY, USA},
 keywords = {instructions, mapping, translation, tutorials},
}


@inproceedings{Kong:2012:DTR:2207676.2208549,
 author = {Kong, Nicholas and Grossman, Tovi and Hartmann, Bj\"{o}rn and Agrawala, Maneesh and Fitzmaurice, George},
 title = {Delta: A Tool for Representing and Comparing Workflows},
 booktitle = {Proceedings of the SIGCHI Conference on Human Factors in Computing Systems},
 series = {CHI '12},
 year = {2012},
 isbn = {978-1-4503-1015-4},
 location = {Austin, Texas, USA},
 pages = {1027--1036},
 numpages = {10},
 url = {http://doi.acm.org/10.1145/2207676.2208549},
 doi = {10.1145/2207676.2208549},
 acmid = {2208549},
 publisher = {ACM},
 address = {New York, NY, USA},
 keywords = {delta, search interfaces, tutorials, workflow comparison},
}

@inproceedings{Ekstrand:2011:SSL:2047196.2047220,
 author = {Ekstrand, Michael and Li, Wei and Grossman, Tovi and Matejka, Justin and Fitzmaurice, George},
 title = {Searching for Software Learning Resources Using Application Context},
 booktitle = {Proceedings of the 24th Annual ACM Symposium on User Interface Software and Technology},
 series = {UIST '11},
 year = {2011},
 isbn = {978-1-4503-0716-1},
 location = {Santa Barbara, California, USA},
 pages = {195--204},
 numpages = {10},
 url = {http://doi.acm.org/10.1145/2047196.2047220},
 doi = {10.1145/2047196.2047220},
 acmid = {2047220},
 publisher = {ACM},
 address = {New York, NY, USA},
 keywords = {context-based search, help search, software learning},
}
@article{Palmiter:1993:ADL:1461829.1461830,
 author = {Palmiter, Susan and Elkerton, Jay},
 title = {Animated Demonstrations for Learning Procedural Computer-based Tasks},
 journal = {Hum.-Comput. Interact.},
 issue_date = {September 1993},
 volume = {8},
 number = {3},
 month = sep,
 year = {1993},
 issn = {0737-0024},
 pages = {193--216},
 numpages = {24},
 url = {http://dx.doi.org/10.1207/s15327051hci0803_1},
 doi = {10.1207/s15327051hci0803_1},
 acmid = {1461830},
 publisher = {L. Erlbaum Associates Inc.},
 address = {Hillsdale, NJ, USA},
}
@article{Palmiter:1991:ADV:107792.107797,
 author = {Palmiter, Susan and Elkerton, Jay and Baggett, P.},
 title = {Animated Demonstrations vs. Written Instructions for Learning Procedural Tasks: A Preliminary Investigation},
 journal = {Int. J. Man-Mach. Stud.},
 issue_date = {May 1991},
 volume = {34},
 number = {5},
 month = may,
 year = {1991},
 issn = {0020-7373},
 pages = {687--701},
 numpages = {15},
 url = {http://dx.doi.org/10.1016/0020-7373(91)90019-4},
 doi = {10.1016/0020-7373(91)90019-4},
 acmid = {107797},
 publisher = {Academic Press Ltd.},
 address = {London, UK, UK},
}

@inproceedings{Matejka:2011:IIQ:2047196.2047218,
 author = {Matejka, Justin and Grossman, Tovi and Fitzmaurice, George},
 title = {IP-QAT: In-product Questions, Answers, \&\ Tips},
 booktitle = {Proceedings of the 24th Annual ACM Symposium on User Interface Software and Technology},
 series = {UIST '11},
 year = {2011},
 isbn = {978-1-4503-0716-1},
 location = {Santa Barbara, California, USA},
 pages = {175--184},
 numpages = {10},
 url = {http://doi.acm.org/10.1145/2047196.2047218},
 doi = {10.1145/2047196.2047218},
 acmid = {2047218},
 publisher = {ACM},
 address = {New York, NY, USA},
 keywords = {Q\&\#38;A, community, help, in-product learning},
}

@inproceedings{Dixon:2011:CHP:1978942.1979086,
 author = {Dixon, Morgan and Leventhal, Daniel and Fogarty, James},
 title = {Content and Hierarchy in Pixel-based Methods for Reverse Engineering Interface Structure},
 booktitle = {Proceedings of the SIGCHI Conference on Human Factors in Computing Systems},
 series = {CHI '11},
 year = {2011},
 isbn = {978-1-4503-0228-9},
 location = {Vancouver, BC, Canada},
 pages = {969--978},
 numpages = {10},
 url = {http://doi.acm.org/10.1145/1978942.1979086},
 doi = {10.1145/1978942.1979086},
 acmid = {1979086},
 publisher = {ACM},
 address = {New York, NY, USA},
 keywords = {content, hierarchy, pixel-based reverse engineering, prefab},
}

@inproceedings{Fernquist:2011:SRE:2047196.2047245,
 author = {Fernquist, Jennifer and Grossman, Tovi and Fitzmaurice, George},
 title = {Sketch-sketch Revolution: An Engaging Tutorial System for Guided Sketching and Application Learning},
 booktitle = {Proceedings of the 24th Annual ACM Symposium on User Interface Software and Technology},
 series = {UIST '11},
 year = {2011},
 isbn = {978-1-4503-0716-1},
 location = {Santa Barbara, California, USA},
 pages = {373--382},
 numpages = {10},
 url = {http://doi.acm.org/10.1145/2047196.2047245},
 doi = {10.1145/2047196.2047245},
 acmid = {2047245},
 publisher = {ACM},
 address = {New York, NY, USA},
 keywords = {engagement, learning, sketching, tutorials},
}
[download]
@inproceedings{Kelleher:2005:STD:1054972.1055047,
 author = {Kelleher, Caitlin and Pausch, Randy},
 title = {Stencils-based Tutorials: Design and Evaluation},
 booktitle = {Proceedings of the SIGCHI Conference on Human Factors in Computing Systems},
 series = {CHI '05},
 year = {2005},
 isbn = {1-58113-998-5},
 location = {Portland, Oregon, USA},
 pages = {541--550},
 numpages = {10},
 url = {http://doi.acm.org/10.1145/1054972.1055047},
 doi = {10.1145/1054972.1055047},
 acmid = {1055047},
 publisher = {ACM},
 address = {New York, NY, USA},
 keywords = {interaction technique, transparent overlay, tutorials, user interface design},
}

@inproceedings{Harrison:1995:CSA:223904.223915,
 author = {Harrison, Susan M.},
 title = {A Comparison of Still, Animated, or Nonillustrated On-line Help with Written or Spoken Instructions in a Graphical User Interface},
 booktitle = {Proceedings of the SIGCHI Conference on Human Factors in Computing Systems},
 series = {CHI '95},
 year = {1995},
 isbn = {0-201-84705-1},
 location = {Denver, Colorado, USA},
 pages = {82--89},
 numpages = {8},
 url = {http://dx.doi.org/10.1145/223904.223915},
 doi = {10.1145/223904.223915},
 acmid = {223915},
 publisher = {ACM Press/Addison-Wesley Publishing Co.},
 address = {New York, NY, USA},
}

@inproceedings{Matejka:2009:CCR:1622176.1622214,
 author = {Matejka, Justin and Li, Wei and Grossman, Tovi and Fitzmaurice, George},
 title = {CommunityCommands: Command Recommendations for Software Applications},
 booktitle = {Proceedings of the 22Nd Annual ACM Symposium on User Interface Software and Technology},
 series = {UIST '09},
 year = {2009},
 isbn = {978-1-60558-745-5},
 location = {Victoria, BC, Canada},
 pages = {193--202},
 numpages = {10},
 url = {http://doi.acm.org/10.1145/1622176.1622214},
 doi = {10.1145/1622176.1622214},
 acmid = {1622214},
 publisher = {ACM},
 address = {New York, NY, USA},
 keywords = {recommender},
}
