%% Created using Papers on Mon, 11 Mar 2013.
%% http://mekentosj.com/papers/

@article{Birnholtz:2010ef,
author = {Birnholtz, Jeremy and Ranjan, Abhishek and Balakrishnan, Ravin},
title = {{Providing Dynamic Visual Information for Collaborative Tasks: Experiments With Automatic Camera Control}},
journal = {Human-Computer Interaction},
year = {2010},
volume = {25},
number = {3},
pages = {261--287},
month = jul
}

@article{Fussell:2003te,
author = {Fussell, S R and Setlock, L D and Kraut, R E},
title = {{Effects of head-mounted and scene-oriented video systems on remote collaboration on physical tasks}},
journal = {CHI 2003},
year = {2003}
}

@inproceedings{Gurevich:2012ko,
author = {Gurevich, Pavel and Lanir, Joel and Cohen, Benjamin and Stone, Ran},
title = {{TeleAdvisor: a versatile augmented reality tool for remote assistance}},
booktitle = {CHI 2012},
year = {2012},
month = may
}

@article{Okumura:2011tr,
author = {Okumura, K and Oku, H and Ishikawa, M},
title = {{High-speed gaze controller for millisecond-order pan/tilt camera}},
journal = {ICRA 2011: IEEE International Conference on Robotics and Automation},
year = {2011}
}

@book{Ranjan:2010vb,
author = {Ranjan, Abhishek and Henrikson, Rorik and Birnholtz, Jeremy and Balakrishnan, Ravin and Lee, Dana},
title = {{Automatic camera control using unobtrusive vision and audio tracking}},
publisher = {GI '10: Graphics Interface 2010},
year = {2010},
month = may
}

@inproceedings{Ranjan:2008cb,
author = {Ranjan, Abhishek and Birnholtz, Jeremy and Balakrishnan, Ravin},
title = {{Improving meeting capture by applying television production principles with audio and motion detection}},
booktitle = {CHI 2008},
year = {2008},
pages = {227--236},
publisher = {ACM Press},
address = {New York, New York, USA}
}

@inproceedings{Ranjan:2007,
 author = {Ranjan, Abhishek and Birnholtz, Jeremy P. and Balakrishnan, Ravin},
 title = {Dynamic shared visual spaces: experimenting with automatic camera control in a remote repair task},
 series = {CHI '07},
 year = {2007},
 isbn = {978-1-59593-593-9},
 location = {San Jose, California, USA},
 pages = {1177--1186},
 numpages = {10},
 url = {http://doi.acm.org/10.1145/1240624.1240802},
 doi = {10.1145/1240624.1240802},
 acmid = {1240802},
 publisher = {ACM},
 keywords = {camera control, collaboration, computer-supported cooperative work, empirical studies, motion tracking, video conferencing, video mediated communication},
}

@inproceedings{Ranjan:2008,
 author = {Ranjan, Abhishek and Birnholtz, Jeremy and Balakrishnan, Ravin},
 title = {Improving meeting capture by applying television production principles with audio and motion detection},
 series = {CHI '08},
 year = {2008},
 isbn = {978-1-60558-011-1},
 location = {Florence, Italy},
 pages = {227--236},
 numpages = {10},
 url = {http://doi.acm.org/10.1145/1357054.1357095},
 doi = {10.1145/1357054.1357095},
 acmid = {1357095},
 publisher = {ACM},
 keywords = {automated camera control, meeting capture, video},
}

@inproceedings{Ranjan:2010,
 author = {Ranjan, Abhishek and Henrikson, Rorik and Birnholtz, Jeremy and Balakrishnan, Ravin and Lee, Dana},
 title = {Automatic camera control using unobtrusive vision and audio tracking},
 booktitle = {Proceedings of Graphics Interface 2010},
 series = {GI '10},
 year = {2010},
 isbn = {978-1-56881-712-5},
 location = {Ottawa, Ontario, Canada},
 pages = {47--54},
 numpages = {8},
 url = {http://dl.acm.org/citation.cfm?id=1839214.1839224},
 acmid = {1839224},
 publisher = {Canadian Information Processing Society},
 keywords = {automated camera control, computer vision, meeting capture, video},
}

@article{Shotton:2011ud,
author = {Shotton, Jamie and Fitzgibbon, Andrew and Cook, Mat and Sharp, Toby and Finocchio, Mark and Moore, Richard and Kipman, Alex and Blake, Andrew},
title = {{Real-time human pose recognition in parts from single depth images}},
journal = {CVPR},
year = {2011}
}

@inproceedings{Wilson:2012fb,
author = {Wilson, Andrew and Benko, Hrvoje and Izadi, Shahram and Hilliges, Otmar},
title = {{Steerable augmented reality with the Beamatron}},
booktitle = {UIST 2012},
year = {2012},
pages = {413--422},
}

@misc{Polycom,
 title = {Polycom Teleconferencing Solutions},
 howpublished = {http://www.polycom.com/},
 key = {Polycom},
}

@misc{Swivl,
 title = {Swivl Personal Cameraman},
 howpublished = {http://www.swivl.com/},
 key = {Swivl},
}
