@article{Johnson:1996:CPS:226159.226161,
 author = {Johnson, Jeff A. and Nardi, Bonnie A.},
 title = {Creating Presentation Slides: A Study of User Preferences for Task-specific Versus Generic Application Software},
 journal = {ACM Trans. Comput.-Hum. Interact.},
 issue_date = {March 1996},
 volume = {3},
 number = {1},
 month = mar,
 year = {1996},
 issn = {1073-0516},
 pages = {38--65},
 numpages = {28},
 url = {http://doi.acm.org/10.1145/226159.226161},
 doi = {10.1145/226159.226161},
 acmid = {226161},
 publisher = {ACM},
 address = {New York, NY, USA},
 keywords = {application software, interoperability, interview study, slide presentations, task analysis, task specific},
}

@article{Lee:2013:STM:2553699.2553755,
 author = {Lee, Bongshin and Kazi, Rubaiat Habib and Smith, Greg},
 title = {SketchStory: Telling More Engaging Stories with Data Through Freeform Sketching},
 journal = {IEEE Transactions on Visualization and Computer Graphics},
 issue_date = {December 2013},
 volume = {19},
 number = {12},
 month = dec,
 year = {2013},
 issn = {1077-2626},
 pages = {2416--2425},
 numpages = {10},
 url = {http://dx.doi.org/10.1109/TVCG.2013.191},
 doi = {10.1109/TVCG.2013.191},
 acmid = {2553755},
 publisher = {IEEE Educational Activities Department},
 address = {Piscataway, NJ, USA},
 keywords = {Storytelling, data presentation, sketch, pen and touch, interaction, visualization},
}

@inproceedings{Mamykina:2001:TAI:365024.365077,
 author = {Mamykina, Lena and Mynatt, Elizabeth and Terry, Michael A.},
 title = {Time Aura: Interfaces for Pacing},
 booktitle = {Proceedings of the SIGCHI Conference on Human Factors in Computing Systems},
 series = {CHI '01},
 year = {2001},
 isbn = {1-58113-327-8},
 location = {Seattle, Washington, USA},
 pages = {144--151},
 numpages = {8},
 url = {http://doi.acm.org/10.1145/365024.365077},
 doi = {10.1145/365024.365077},
 acmid = {365077},
 publisher = {ACM},
 address = {New York, NY, USA},
 keywords = {pacing, ubiquitous computing, visual interaces},
}

@inproceedings{Baudisch:2002:KTC:503376.503423,
 author = {Baudisch, Patrick and Good, Nathaniel and Bellotti, Victoria and Schraedley, Pamela},
 title = {Keeping Things in Context: A Comparative Evaluation of Focus Plus Context Screens, Overviews, and Zooming},
 booktitle = {Proceedings of the SIGCHI Conference on Human Factors in Computing Systems},
 series = {CHI '02},
 year = {2002},
 isbn = {1-58113-453-3},
 location = {Minneapolis, Minnesota, USA},
 pages = {259--266},
 numpages = {8},
 url = {http://doi.acm.org/10.1145/503376.503423},
 doi = {10.1145/503376.503423},
 acmid = {503423},
 publisher = {ACM},
 address = {New York, NY, USA},
 keywords = {experimental evaluation, focus plus context screens, multi scale documents, overview plus detail, peripheral vision, zooming},
}


@inproceedings{Matthews:2006:DEG:1142405.1142457,
 author = {Matthews, Tara},
 title = {Designing and Evaluating Glanceable Peripheral Displays},
 booktitle = {Proceedings of the 6th Conference on Designing Interactive Systems},
 series = {DIS '06},
 year = {2006},
 isbn = {1-59593-367-0},
 location = {University Park, PA, USA},
 pages = {343--345},
 numpages = {3},
 url = {http://doi.acm.org/10.1145/1142405.1142457},
 doi = {10.1145/1142405.1142457},
 acmid = {1142457},
 publisher = {ACM},
 address = {New York, NY, USA},
 keywords = {abstraction, glanceability, information visualization, interface design, multitasking, peripheral displays},
}

@inproceedings{Drucker:2006:CMM:1166253.1166263,
 author = {Drucker, Steven M. and Petschnigg, Georg and Agrawala, Maneesh},
 title = {Comparing and Managing Multiple Versions of Slide Presentations},
 booktitle = {Proceedings of the 19th Annual ACM Symposium on User Interface Software and Technology},
 series = {UIST '06},
 year = {2006},
 isbn = {1-59593-313-1},
 location = {Montreux, Switzerland},
 pages = {47--56},
 numpages = {10},
 url = {http://doi.acm.org/10.1145/1166253.1166263},
 doi = {10.1145/1166253.1166263},
 acmid = {1166263},
 publisher = {ACM},
 address = {New York, NY, USA},
 keywords = {alignment, correspondence, distance metrics, slide presentations, versions},
}

@inproceedings{Sharmin:2012:SCC:2166966.2166992,
 author = {Sharmin, Moushumi and Bergman, Lawrence and Lu, Jie and Konuru, Ravi},
 title = {On Slide-based Contextual Cues for Presentation Reuse},
 booktitle = {Proceedings of the 2012 ACM International Conference on Intelligent User Interfaces},
 series = {IUI '12},
 year = {2012},
 isbn = {978-1-4503-1048-2},
 location = {Lisbon, Portugal},
 pages = {129--138},
 numpages = {10},
 url = {http://doi.acm.org/10.1145/2166966.2166992},
 doi = {10.1145/2166966.2166992},
 acmid = {2166992},
 publisher = {ACM},
 address = {New York, NY, USA},
 keywords = {contextual recommendation, local context, slide-based search, visual representation},
}


@inproceedings{Bergman:2010:OWP:1719970.1719999,
 author = {Bergman, Lawrence and Lu, Jie and Konuru, Ravi and MacNaught, Julie and Yeh, Danny},
 title = {Outline Wizard: Presentation Composition and Search},
 booktitle = {Proceedings of the 15th International Conference on Intelligent User Interfaces},
 series = {IUI '10},
 year = {2010},
 isbn = {978-1-60558-515-4},
 location = {Hong Kong, China},
 pages = {209--218},
 numpages = {10},
 url = {http://doi.acm.org/10.1145/1719970.1719999},
 doi = {10.1145/1719970.1719999},
 acmid = {1719999},
 publisher = {ACM},
 address = {New York, NY, USA},
 keywords = {context-sensitive information retrieval, outline-based search, presentation composition, presentation search},
}

@inproceedings{Zongker:2003:CAP:846276.846319,
 author = {Zongker, Douglas E. and Salesin, David H.},
 title = {On Creating Animated Presentations},
 booktitle = {Proceedings of the 2003 ACM SIGGRAPH/Eurographics Symposium on Computer Animation},
 series = {SCA '03},
 year = {2003},
 isbn = {1-58113-659-5},
 location = {San Diego, California},
 pages = {298--308},
 numpages = {11},
 url = {http://dl.acm.org/citation.cfm?id=846276.846319},
 acmid = {846319},
 publisher = {Eurographics Association},
 address = {Aire-la-Ville, Switzerland, Switzerland},
}


@inproceedings{Li:2003:SIP:958432.958476,
 author = {Li, Yang and Landay, James A. and Guan, Zhiwei and Ren, Xiangshi and Dai, Guozhong},
 title = {Sketching Informal Presentations},
 booktitle = {Proceedings of the 5th International Conference on Multimodal Interfaces},
 series = {ICMI '03},
 year = {2003},
 isbn = {1-58113-621-8},
 location = {Vancouver, British Columbia, Canada},
 pages = {234--241},
 numpages = {8},
 url = {http://doi.acm.org/10.1145/958432.958476},
 doi = {10.1145/958432.958476},
 acmid = {958476},
 publisher = {ACM},
 address = {New York, NY, USA},
 keywords = {gestures, informal presentation, pen-based computers, rapid prototyping, sketching, storyboards, zooming user interface (ZUI)},
}

@inproceedings{Edge:2013:HDP:2470654.2470749,
 author = {Edge, Darren and Savage, Joan and Yatani, Koji},
 title = {HyperSlides: Dynamic Presentation Prototyping},
 booktitle = {Proceedings of the SIGCHI Conference on Human Factors in Computing Systems},
 series = {CHI '13},
 year = {2013},
 isbn = {978-1-4503-1899-0},
 location = {Paris, France},
 pages = {671--680},
 numpages = {10},
 url = {http://doi.acm.org/10.1145/2470654.2470749},
 doi = {10.1145/2470654.2470749},
 acmid = {2470749},
 publisher = {ACM},
 address = {New York, NY, USA},
 keywords = {grounded theory, powerpoint, presentations, slideware},
}


@inproceedings{Bederson:1994:PZG:192426.192435,
 author = {Bederson, Benjamin B. and Hollan, James D.},
 title = {Pad++: A Zooming Graphical Interface for Exploring Alternate Interface Physics},
 booktitle = {Proceedings of the 7th Annual ACM Symposium on User Interface Software and Technology},
 series = {UIST '94},
 year = {1994},
 isbn = {0-89791-657-3},
 location = {Marina del Rey, California, USA},
 pages = {17--26},
 numpages = {10},
 url = {http://doi.acm.org/10.1145/192426.192435},
 doi = {10.1145/192426.192435},
 acmid = {192435},
 publisher = {ACM},
 address = {New York, NY, USA},
 keywords = {authoring, hypertext, information navigation, information physics, information visualization, interactive user interfaces, multiscale interfaces, zooming interfaces},
}

@article{Spicer:2012:NAD:2379790.2379795,
 author = {Spicer, Ryan and Lin, Yu-Ru and Kelliher, Aisling and Sundaram, Hari},
 title = {NextSlidePlease: Authoring and Delivering Agile Multimedia Presentations},
 journal = {ACM Trans. Multimedia Comput. Commun. Appl.},
 issue_date = {November 2012},
 volume = {8},
 number = {4},
 month = nov,
 year = {2012},
 issn = {1551-6857},
 pages = {53:1--53:20},
 articleno = {53},
 numpages = {20},
 url = {http://doi.acm.org/10.1145/2379790.2379795},
 doi = {10.1145/2379790.2379795},
 acmid = {2379795},
 publisher = {ACM},
 address = {New York, NY, USA},
 keywords = {Presentations, authoring, slideware},
}
@inproceedings{Lichtschlag:2009:FTA:1518701.1518786,
 author = {Lichtschlag, Leonhard and Karrer, Thorsten and Borchers, Jan},
 title = {Fly: A Tool to Author Planar Presentations},
 booktitle = {Proceedings of the SIGCHI Conference on Human Factors in Computing Systems},
 series = {CHI '09},
 year = {2009},
 isbn = {978-1-60558-246-7},
 location = {Boston, MA, USA},
 pages = {547--556},
 numpages = {10},
 url = {http://doi.acm.org/10.1145/1518701.1518786},
 doi = {10.1145/1518701.1518786},
 acmid = {1518786},
 publisher = {ACM},
 address = {New York, NY, USA},
 keywords = {authoring, planar user interfaces, presentation software, slideware, zoomable user interfaces},
}


@article{Good:2002:ZUI:941231.941236,
 author = {Good, Lance and Bederson, Benjamin B.},
 title = {Zoomable User Interfaces As a Medium for Slide Show Presentations},
 journal = {Information Visualization},
 issue_date = {March 2002},
 volume = {1},
 number = {1},
 month = mar,
 year = {2002},
 issn = {1473-8716},
 pages = {35--49},
 numpages = {15},
 url = {http://dx.doi.org/10.1057/palgrave/ivs/9500004},
 doi = {10.1057/palgrave/ivs/9500004},
 acmid = {941236},
 publisher = {Palgrave Macmillan},
 keywords = {Jazz, Powerpoint, presentations, spatial hypertext, zoomable user interfaces (ZUIs)},
}

@inproceedings{Denoue:2013:RDM:2451176.2451190,
 author = {Denoue, Laurent and Carter, Scott and Cooper, Matthew and Adcock, John},
 title = {Real-time Direct Manipulation of Screen-based Videos},
 booktitle = {Proceedings of the Companion Publication of the 2013 International Conference on Intelligent User Interfaces Companion},
 series = {IUI '13 Companion},
 year = {2013},
 isbn = {978-1-4503-1966-9},
 location = {Santa Monica, California, USA},
 pages = {43--44},
 numpages = {2},
 url = {http://doi.acm.org/10.1145/2451176.2451190},
 doi = {10.1145/2451176.2451190},
 acmid = {2451190},
 publisher = {ACM},
 address = {New York, NY, USA},
 keywords = {direct manipulation, html5, intelligent user interface, real-time, video processing, web browser},
}

@inproceedings{Nguyen:2013:DMV:2470654.2466150,
 author = {Nguyen, Cuong and Niu, Yuzhen and Liu, Feng},
 title = {Direct Manipulation Video Navigation in 3D},
 booktitle = {Proceedings of the SIGCHI Conference on Human Factors in Computing Systems},
 series = {CHI '13},
 year = {2013},
 isbn = {978-1-4503-1899-0},
 location = {Paris, France},
 pages = {1169--1172},
 numpages = {4},
 url = {http://doi.acm.org/10.1145/2470654.2466150},
 doi = {10.1145/2470654.2466150},
 acmid = {2466150},
 publisher = {ACM},
 address = {New York, NY, USA},
 keywords = {3d visualization, direct manipulation, video navigation},
}

@inproceedings{Karrer:2008:DDM:1357054.1357097,
 author = {Karrer, Thorsten and Weiss, Malte and Lee, Eric and Borchers, Jan},
 title = {DRAGON: A Direct Manipulation Interface for Frame-accurate In-scene Video Navigation},
 booktitle = {Proceedings of the SIGCHI Conference on Human Factors in Computing Systems},
 series = {CHI '08},
 year = {2008},
 isbn = {978-1-60558-011-1},
 location = {Florence, Italy},
 pages = {247--250},
 numpages = {4},
 url = {http://doi.acm.org/10.1145/1357054.1357097},
 doi = {10.1145/1357054.1357097},
 acmid = {1357097},
 publisher = {ACM},
 address = {New York, NY, USA},
 keywords = {direct manipulation, in-scene video navigation, interaction techniques, object dragging, video interfaces},
}


@inproceedings{Goldman:2008:VOA:1449715.1449719,
 author = {Goldman, Dan B. and Gonterman, Chris and Curless, Brian and Salesin, David and Seitz, Steven M.},
 title = {Video Object Annotation, Navigation, and Composition},
 booktitle = {Proceedings of the 21st Annual ACM Symposium on User Interface Software and Technology},
 series = {UIST '08},
 year = {2008},
 isbn = {978-1-59593-975-3},
 location = {Monterey, CA, USA},
 pages = {3--12},
 numpages = {10},
 url = {http://doi.acm.org/10.1145/1449715.1449719},
 doi = {10.1145/1449715.1449719},
 acmid = {1449719},
 publisher = {ACM},
 address = {New York, NY, USA},
 keywords = {direct manipulation, video annotation, video interaction, video navigation},
}

@inproceedings{Dragicevic:2008:VBD:1357054.1357096,
 author = {Dragicevic, Pierre and Ramos, Gonzalo and Bibliowitcz, Jacobo and Nowrouzezahrai, Derek and Balakrishnan, Ravin and Singh, Karan},
 title = {Video Browsing by Direct Manipulation},
 booktitle = {Proceedings of the SIGCHI Conference on Human Factors in Computing Systems},
 series = {CHI '08},
 year = {2008},
 isbn = {978-1-60558-011-1},
 location = {Florence, Italy},
 pages = {237--246},
 numpages = {10},
 url = {http://doi.acm.org/10.1145/1357054.1357096},
 doi = {10.1145/1357054.1357096},
 acmid = {1357096},
 publisher = {ACM},
 address = {New York, NY, USA},
 keywords = {direct manipulation, video browsing},
}

@Book{cohan2005great,
 author = {Cohan, Peter},
 title = {Great demo! : how to create and execute stunning software demonstrations},
 publisher = {iUniverse, Inc},
 year = {2005},
 address = {New York},
 isbn = {978-0595345595}
 }

@inproceedings{Lee:2005:IOC:1054972.1055073,
 author = {Lee, Eric and Wolf, Marius and Borchers, Jan},
 title = {Improving Orchestral Conducting Systems in Public Spaces: Examining the Temporal Characteristics and Conceptual Models of Conducting Gestures},
 booktitle = {Proceedings of the SIGCHI Conference on Human Factors in Computing Systems},
 series = {CHI '05},
 year = {2005},
 isbn = {1-58113-998-5},
 location = {Portland, Oregon, USA},
 pages = {731--740},
 numpages = {10},
 url = {http://doi.acm.org/10.1145/1054972.1055073},
 doi = {10.1145/1054972.1055073},
 acmid = {1055073},
 publisher = {ACM},
 address = {New York, NY, USA},
 keywords = {conceptual models, conducting, empirical study, exhibits, gestures, music interfaces},
}


@inproceedings{Nakamura:2008:ASV:1449715.1449721,
 author = {Nakamura, Toshio and Igarashi, Takeo},
 title = {An Application-independent System for Visualizing User Operation History},
 booktitle = {Proceedings of the 21st Annual ACM Symposium on User Interface Software and Technology},
 series = {UIST '08},
 year = {2008},
 isbn = {978-1-59593-975-3},
 location = {Monterey, CA, USA},
 pages = {23--32},
 numpages = {10},
 url = {http://doi.acm.org/10.1145/1449715.1449721},
 doi = {10.1145/1449715.1449721},
 acmid = {1449721},
 publisher = {ACM},
 address = {New York, NY, USA},
 keywords = {diagrams, operation history, program visualization, storyboards, summarization},
}
