%% Created using Papers on Sun, 31 Mar 2013.
%% http://mekentosj.com/papers/


@INPROCEEDINGS{Bergman05docwizards:a,
    author = {Lawrence Bergman and Vittorio Castelli and Tessa Lau and Daniel Oblinger},
    title = {DocWizards: a system for authoring follow-me documentation wizards},
    booktitle = {Proceedings of UIST},
    year = {2005},
    pages = {191--200},
    publisher = {ACM Press}
}

@book{Agrawala:2003fx,
author = {Agrawala, Maneesh and Phan, Doantam and Heiser, Julie and Haymaker, John and Klingner, Jeff and Hanrahan, Pat and Tversky, Barbara},
title = {{Designing effective step-by-step assembly instructions}},
publisher = {Proceedings of SIGGRAPH},
year = {2003},
volume = {22}
}

@inproceedings{Barnes:2008tz,
author = {Barnes, Connelly and Jacobs, David E and Sanders, Jason and Goldman, Dan B and Rusinkiewicz, Szymon and Finkelstein, Adam and Agrawala, Maneesh},
title = {{Video Puppetry: A Performative Interface for Cutout Animation}},
booktitle = {Proceedings of SIGGRAPH Asia},
year = {2008}
}

@inproceedings{Bartindale:2012ck,
author = {Bartindale, Tom and Sheikh, Alia and Taylor, Nick and Wright, Peter and Olivier, Patrick},
title = {{StoryCrate: tabletop storyboarding for live film production}},
booktitle = {Proceedings of CHI},
year = {2012},
pages = {169--178},
publisher = {ACM Press},
address = {New York, New York, USA}
}

@article{Bernstein:2011uj,
author = {Bernstein, M S and Brandt, J and Miller, R C},
title = {{Crowds in two seconds}},
journal = {Proceedings of UIST},
year = {2011}
}

@inproceedings{Brown:2000jv,
author = {Brown, Barry A T and Sellen, Abigail J and O'Hara, Kenton P},
title = {{A diary study of information capture in working life}},
booktitle = {Proceedings of CHI},
year = {2000},
pages = {438--445},
publisher = {ACM Press}
}

@inproceedings{Carter:2005tr,
author = {Carter, S and Mankoff, J},
title = {{When Participants Do the Capturing: The Role of Media in Diary Studies}},
booktitle = {Proceedings of CHI},
year = {2005}
}

@inproceedings{Casares:2002dx,
author = {Casares, Juan and Long, A Chris and Myers, Brad A and Bhatnagar, Rishi and Stevens, Scott M and Dabbish, Laura and Yocum, Dan and Corbett, Albert},
title = {{Simplifying video editing using metadata}},
booktitle = {Proceedings of DIS},
year = {2002},
pages = {157},
publisher = {ACM Press}
}

@inproceedings{Casares:2002eq,
author = {Casares, Juan and Long, A Chris and Myers, Brad and Stevens, Scott and Corbett, Albert},
title = {{Simplifying video editing with SILVER}},
booktitle = {CHI '02 extended abstracts},
year = {2002},
pages = {672},
publisher = {ACM Press}
}

@inproceedings{Davis:2003cu,
author = {Davis, Marc and Heer, Jeffrey and Ramirez, Ana},
title = {{Active capture: automatic direction for automatic movies}},
booktitle = {Proceedings of MULTIMEDIA},
year = {2003},
pages = {88},
publisher = {ACM Press}
}

@book{Eldridge:1993va,
author = {Eldridge, Margery and Lamming, Michael and Flynn, Mike},
title = {{Does a video diary help recall?}},
publisher = {Cambridge University Press},
year = {1993},
month = jan
}

@inproceedings{Fussell:2003te,
author = {Fussell, S R and Setlock, L D and Kraut, R E},
title = {{Effects of head-mounted and scene-oriented video systems on remote collaboration on physical tasks}},
booktitle = {Proceedings of CHI},
year = {2003},
publisher = {ACM Press}
}

@inproceedings{Goodman:2011fp,
author = {Goodman, Elizabeth and Rosner, Daniela},
title = {{From Garments to Gardens: Negotiating Material Relationships Online and `By Hand'}},
booktitle = {Proceedings of CHI},
year = {2011},
pages = {2257--2266},
publisher = {ACM Press}
}

@article{Grabler:2009jj,
author = {Grabler, Floraine and Agrawala, Maneesh and Li, Wilmot and Dontcheva, Mira and Igarashi, Takeo},
title = {{Generating photo manipulation tutorials by demonstration}},
journal = {SIGGRAPH},
year = {2009},
annote = {* Maneesh Agrawala's student Floraine also has two relevant papers:
<u>http://www.floraine.org/research/photo-manipulation-tutorials/</u>
<u>http://www.floraine.org/research/photo-manipulation-macros/</u>
}
}

@inproceedings{Grossman:2010jz,
author = {Grossman, Tovi and Matejka, Justin and Fitzmaurice, George},
title = {{Chronicle: capture, exploration, and playback of document workflow histories}},
booktitle = {Proceedings of UIST},
year = {2010},
publisher = {ACM Press}
}

@inproceedings{Gupta:2012ku,
author = {Gupta, Ankit and Fox, Dieter and Curless, Brian and Cohen, Michael},
title = {{DuploTrack: a real-time system for authoring and guiding duplo block assembly}},
booktitle = {Proceedings of UIST},
year = {2012},
pages = {389--402},
publisher = {ACM Press}
}

@inproceedings{Gurevich:2012ko,
author = {Gurevich, Pavel and Lanir, Joel and Cohen, Benjamin and Stone, Ran},
title = {{TeleAdvisor: a versatile augmented reality tool for remote assistance}},
booktitle = {Proceedings of CHI},
year = {2012},
publisher = {ACM Press}
}

@inproceedings{Heer:2004ba,
author = {Heer, Jeffrey and Good, Nathaniel S and Ramirez, Ana and Davis, Marc and Mankoff, Jennifer},
title = {{Presiding over accidents: system direction of human action}},
booktitle = {Proceedings of CHI},
year = {2004},
pages = {463--470},
publisher = {ACM Press}
}

@article{Henderson:2011ff,
author = {Henderson, Steven and Feiner, Steven},
title = {{Exploring the benefits of augmented reality documentation for maintenance and repair}},
journal = {IEEE Trans on Visualization and Computer Graphics},
year = {2011},
volume = {17},
number = {10},
pages = {1355--1368}
}

@inproceedings{Kim:2004fu,
author = {Kim, Jiwon and Seitz, Steven M and Agrawala, Maneesh},
title = {{Video-Based document tracking: Unifying your physical and electronic desktops}},
booktitle = {Proceedings of UIST},
year = {2004},
pages = {99--107},
publisher = {ACM Press}
}

@inproceedings{Kuznetsov:2010ve,
author = {Kuznetsov, S and Paulos, E},
title = {{Rise of the Expert Amateur:
DIY Projects, Communities, and Cultures}},
booktitle = {Proceedings of NordiCHI},
year = {2010}
}

@article{Lafreniere:2012tl,
author = {Lafreniere, B and Bunt, A and Lount, M and Terry, M and Cowan, D},
title = {{Looks cool, I'll try this later!": Understanding the faces and uses of online tutorials}},
journal = {University of Waterloo Tech Report},
year = {2012}
}

@inproceedings{Lovell:2010tl,
author = {Lovell, E and Buechley, L},
title = {{An e-sewing tutorial for DIY learning}},
booktitle = {Proceedings of IDC},
year = {2010}
}

@inproceedings{Muller:2009tw,
author = {M{\"u}ller, Eggo},
title = {{Where quality matters: discourses on the art of making a YouTube video}},
booktitle = {The YouTube Reader},
publisher = {Stockholm: National Library of Sweden},
year = {2009}
}

@article{Panagiotakis:2005eb,
author = {Panagiotakis, Costas and Tziritas, Georgios G},
title = {{A speech/music discriminator based on RMS and zero-crossings}},
journal = {IEEE Transactions on Multimedia},
year = {2005},
volume = {7},
number = {1},
pages = {155--166}
}

@article{Pipek:2003wq,
author = {Pipek, V and Wulf, V},
title = {{Pruning the answer garden: knowledge sharing in maintenance engineering}},
journal = {European Conference on CSCW},
year = {2003}
}

@article{Ploderer:2010gq,
author = {Ploderer, Bernd and Howard, Steve and Thomas, Peter},
title = {{Collaboration on Social Network Sites: Amateurs, Professionals and Celebrities}},
journal = {Proceedings of CSCW 2010},
year = {2010},
volume = {19},
number = {5},
pages = {419--455}
}

@inproceedings{Pongnumkul:2011ju,
author = {Pongnumkul, Suporn and Dontcheva, Mira and Li, Wilmot and Wang, Jue and Bourdev, Lubomir and Avidan, Shai and Cohen, Michael F},
title = {{Pause-and-play: automatically linking screencast video tutorials with applications}},
booktitle = {Proceedings of UIST},
year = {2011},
pages = {135--144},
publisher = {ACM Press}
}

@inproceedings{Pritch:2009vl,
author = {Pritch, Y and Ratovitch, S and Hendel, A},
title = {{Clustered synopsis of surveillance video}},
booktitle = {Proceedings of AVSS},
publisher = {IEEE Computer Society},
year = {2009}
}

@inproceedings{Rosner:2009uu,
author = {Rosner, D and Bean, J},
title = {{Learning from IKEA Hacking: ``IÊ¼m Not One to Decoupage a Tabletop and Call It a Day.''}},
booktitle = {Proceedings of CHI},
year = {2009}
}

@inproceedings{Rosner:2010wv,
author = {Rosner, D K and Ryokai, K},
title = {{Spyn: Augmenting Knitting to Support Storytelling and Reflection}},
booktitle = {Proceedings of CHI},
year = {2010}
}

@inproceedings{Diakopoulos:2006vt,
 author = {Diakopoulos, Nicholas and Essa, Irfan},
 title = {Videotater: an approach for pen-based digital video segmentation and tagging},
 booktitle = {Proceedings of UIST},
 year = {2006},
 pages = {221--224},
 numpages = {4},
 acmid = {1166287},
 publisher = {ACM Press},
}

@article{Mackay:1989,
 author = {Mackay, W. E.},
 title = {EVA: an experimental video annotator for symbolic analysis of video data},
 journal = {SIGCHI Bull.},
 issue_date = {Oct. 1989},
 volume = {21},
 number = {2},
 year = {1989},
 issn = {0736-6906},
 pages = {68--71},
 numpages = {4},
 url = {http://doi.acm.org/10.1145/70609.70617},
 doi = {10.1145/70609.70617},
 acmid = {70617},
 publisher = {ACM Press},
 address = {New York, NY, USA},
}

@inproceedings{Adams:2004:DYP:1027527.1027638,
 author = {Adams, Brett and Venkatesh, Svetha},
 title = {Director in your pocket: holistic help for the hapless home videographer},
 booktitle = {Proceedings of MULTIMEDIA},
 year = {2004},
 pages = {460--463},
 numpages = {4},
 publisher = {ACM Press},
 keywords = {PDA, cinematography, home movies, media aesthetics, narrative structure, video analysis, video editing},
 notes = {looks like a weak paper - don't cite.}
}

@inproceedings{Stock:2005:MBA:1085313.1085330,
 author = {Stock, Ingo and Weber, Michael and Steinmeier, Eckhard},
 title = {Metadata based authoring for technical documentation},
 booktitle = {Proceedings of the 23rd annual international conference on Design of communication: documenting \& designing for pervasive information},
 series = {SIGDOC '05},
 year = {2005},
 isbn = {1-59593-175-9},
 location = {Coventry, United Kingdom},
 pages = {60--67},
 numpages = {8},
 url = {http://doi.acm.org/10.1145/1085313.1085330},
 doi = {10.1145/1085313.1085330},
 acmid = {1085330},
 publisher = {ACM Press},
 address = {New York, NY, USA},
 keywords = {authoring, metadata, technical documentation},
 notes = {looks like a weak paper - don't cite.}
}

@inproceedings{Kamahara:2010,
 author = {Kamahara, Junzo and Nagamatsu, Takashi and Tada, Masashi and Kaieda, Yohei and Ishii, Yutaka},
 title = {Instructional video content employing user behavior analysis: time dependent annotation with levels of detail},
 booktitle = {Proceedings of the 18th international conference on User Modeling, Adaptation, and Personalization},
 series = {UMAP'10},
 year = {2010},
 isbn = {3-642-13469-6, 978-3-642-13469-2},
 location = {Big Island, HI},
 pages = {87--98},
 numpages = {12},
 url = {http://dx.doi.org/10.1007/978-3-642-13470-8_10},
 doi = {10.1007/978-3-642-13470-8_10},
 acmid = {2149540},
 publisher = {Springer-Verlag},
 address = {Berlin, Heidelberg},
 keywords = {level of detail, timed annotation, user behavior},
}

@article{Bai:2012,
 author = {Bai, Jiamin and Agarwala, Aseem and Agrawala, Maneesh and Ramamoorthi, Ravi},
 title = {Selectively de-animating video},
 journal = {ACM Trans. Graph.},
 issue_date = {July 2012},
 volume = {31},
 number = {4},
 year = {2012},
 issn = {0730-0301},
 pages = {66:1--66:10},
 articleno = {66},
 numpages = {10},
 url = {http://doi.acm.org/10.1145/2185520.2185562},
 doi = {10.1145/2185520.2185562},
 acmid = {2185562},
 publisher = {ACM Press},
 address = {New York, NY, USA},
}


@article{Berthouzoz:2012,
 author = {Berthouzoz, Floraine and Li, Wilmot and Agrawala, Maneesh},
 title = {Tools for placing cuts and transitions in interview video},
 journal = {ACM Trans. Graph.},
 issue_date = {July 2012},
 volume = {31},
 number = {4},
 year = {2012},
 issn = {0730-0301},
 pages = {67:1--67:8},
 articleno = {67},
 numpages = {8},
 url = {http://doi.acm.org/10.1145/2185520.2185563},
 doi = {10.1145/2185520.2185563},
 acmid = {2185563},
 publisher = {ACM Press},
 address = {New York, NY, USA},
 keywords = {human-computer interfaces, interaction},
}

@inproceedings{Adams:2005,
 author = {Adams, Brett and Venkatesh, Svetha},
 title = {Situated event bootstrapping and capture guidance for automated home movie authoring},
 booktitle = {Proceedings of MULTIMEDIA},
 year = {2005},
 pages = {754--763},
 numpages = {10},
 publisher = {ACM Press},
}

@article{Liu:2011,
 author = {Liu, Feng and Gleicher, Michael and Wang, Jue and Jin, Hailin and Agarwala, Aseem},
 title = {Subspace video stabilization},
 journal = {ACM Trans. Graph.},
 issue_date = {January 2011},
 volume = {30},
 number = {1},
 year = {2011},
 issn = {0730-0301},
 pages = {4:1--4:10},
 articleno = {4},
 numpages = {10},
 url = {http://doi.acm.org/10.1145/1899404.1899408},
 doi = {10.1145/1899404.1899408},
 acmid = {1899408},
 publisher = {ACM Press},
 address = {New York, NY, USA},
 keywords = {Video stabilization, video warping},
}
[
@article{Gleicher:2008,
 author = {Gleicher, Michael L. and Liu, Feng},
 title = {Re-cinematography: Improving the camerawork of casual video},
 journal = {ACM Trans. Multimedia Comput. Commun. Appl.},
 issue_date = {October 2008},
 volume = {5},
 number = {1},
 year = {2008},
 issn = {1551-6857},
 pages = {2:1--2:28},
 articleno = {2},
 numpages = {28},
 url = {http://doi.acm.org/10.1145/1404880.1404882},
 doi = {10.1145/1404880.1404882},
 acmid = {1404882},
 publisher = {ACM Press},
 address = {New York, NY, USA},
 keywords = {Image stabilization, casual video, cinematography},
}

@inproceedings{Joshi:2012,
 author = {Joshi, Neel and Mehta, Sisil and Drucker, Steven and Stollnitz, Eric and Hoppe, Hugues and Uyttendaele, Matt and Cohen, Michael},
 title = {Cliplets: juxtaposing still and dynamic imagery},
 booktitle = {Proceedings of UIST},
 year = {2012},
 pages = {251--260},
 numpages = {10},
 publisher = {ACM Press},
 keywords = {cinemagraphs, image and video compositing, image and video editing, video textures},
}

@inproceedings{Carter:2010,
 author = {Carter, Scott and Adcock, John and Doherty, John and Branham, Stacy},
 title = {NudgeCam: toward targeted, higher quality media capture},
 booktitle = {Proceedings of MULTIMEDIA},
 year = {2010},
 pages = {615--618},
 numpages = {4},
 publisher = {ACM Press},
 keywords = {capture, moible, multimedia},
}

@article{Barnes:2010,
 author = {Barnes, Connelly and Goldman, Dan B. and Shechtman, Eli and Finkelstein, Adam},
 title = {Video tapestries with continuous temporal zoom},
 journal = {ACM Trans. Graph.},
 volume = {29},
 issue = {4},
 year = {2010},
 issn = {0730-0301},
 pages = {89:1--89:9},
 articleno = {89},
 numpages = {9},
 url = {http://doi.acm.org/10.1145/1778765.1778826},
 doi = {http://doi.acm.org/10.1145/1778765.1778826},
 acmid = {1778826},
 publisher = {ACM Press},
 address = {New York, NY, USA},
 keywords = {patch-based synthesis, video summarization},
}

@article{Heck:2007,
 author = {Heck, Rachel and Wallick, Michael and Gleicher, Michael},
 title = {Virtual videography},
 journal = {ACM Trans. Multimedia Comput. Commun. Appl.},
 issue_date = {February 2007},
 volume = {3},
 number = {1},
 year = {2007},
 issn = {1551-6857},
 articleno = {4},
 url = {http://doi.acm.org/10.1145/1198302.1198306},
 doi = {10.1145/1198302.1198306},
 acmid = {1198306},
 publisher = {ACM Press},
 address = {New York, NY, USA},
 keywords = {Automated camera management, attention modeling, computational cinematography, video production},
}

@inproceedings{Ranjan:2007,
 author = {Ranjan, Abhishek and Birnholtz, Jeremy P. and Balakrishnan, Ravin},
 title = {Dynamic shared visual spaces: experimenting with automatic camera control in a remote repair task},
 booktitle = {Proceedings of CHI},
 year = {2007},
 isbn = {978-1-59593-593-9},
 location = {San Jose, California, USA},
 pages = {1177--1186},
 numpages = {10},
 url = {http://doi.acm.org/10.1145/1240624.1240802},
 doi = {10.1145/1240624.1240802},
 acmid = {1240802},
 publisher = {ACM Press},
 keywords = {camera control, collaboration, computer-supported cooperative work, empirical studies, motion tracking, video conferencing, video mediated communication},
}

